% BibTeX database for the MSc_Thesis.tex

%%%%%%%%%%%%%%%%%%%%%%%%%%%%%%%%%%%%%%%%%%%%%%%%%%%%%%%%%%
% TEMPLATES
%%%%%%%%%%%%%%%%%%%%%%%%%%%%%%%%%%%%%%%%%%%%%%%%%%%%%%%%%%

%%%%% An article from a journal or magazine.
%
%article{
%  % Required fields:
%  author  = {},
%  title   = {},
%  journal = {},
%  year    = {},
%  % Optional fields:
%  volume  = {},
%  number  = {},
%  pages   = {},
%  month   = {},
%  note    = {}
%}
%
%%%%% A book with an explicit publisher.
%
%book{
%  % Required fields:
%  author    = {}, % or editor
%  editor    = {},
%  title     = {},
%  publisher = {},
%  year      = {},
%  % Optional fields:
%  volume    = {},
%  number    = {},
%  series    = {},
%  address   = {},
%  edition   = {},
%  month     = {},
%  note      = {}
%}
%
%%%%% A work that is printed and bound, but without a named publisher or sponsoring institution.
%
%booklet{
%  % Required field:
%  title        = {},
%  % Optional fields:
%  author       = {},
%  howpublished = {},
%  address      = {},
%  month        = {},
%  year         = {},
%  note         = {}
%}
%
%%%%% The same as INPROCEEDINGS}, included for Scribe compatibility.
%
%conference{
%}
%
%%%%% A part of a book, which may be a chapter (or section or whatever) and/or a range of pages.
%
%inbook{
%  % Required fields:
%  author    = {}, % or editor
%  editor    = {},
%  title     = {},
%  chapter   = {}, % and/or pages
%  pages     = {},
%  publisher = {},
%  year      = {},
%  % Optional fields:
%  volume    = {}, % or number
%  number    = {},
%  series    = {},
%  type      = {},
%  address   = {},
%  edition   = {},
%  month     = {},
%  note      = {}
%}
%
%%%%% A part of a book having its own title.
%
%incollection{
%  % Required fields:
%  author    = {},
%  title     = {},
%  booktitle = {},
%  publisher = {},
%  year      = {},
%  % Optional fields:
%  editor    = {},
%  volume    = {}, % or number
%  number    = {},
%  series    = {},
%  type      = {},
%  chapter   = {},
%  pages     = {},
%  address   = {},
%  edition   = {},
%  month     = {},
%  note      = {}
%}
%
%%%%% An article in a conference proceedings.
%
%inproceedings{
%  % Required fields:
%  author       = {},
%  title        = {},
%  booktitle    = {},
%  year         = {},
%  % Optional fields:
%  editor       = {},
%  volume       = {}, % or number
%  number       = {},
%  series       = {},
%  pages        = {},
%  address      = {},
%  month        = {},
%  organization = {},
%  publisher    = {},
%  note         = {}
%}
%
%%%%% Technical documentation.
%
%manual{
%  % Required field:
%  title        = {},
%  % Optional fields:
%  author       = {},
%  organization = {},
%  address      = {},
%  edition      = {},
%  month        = {},
%  year         = {},
%  note         = {}
%}
%
%%%%% A Master's thesis.
%
%mastersthesis{
%  % Required fields:
%  author  = {},
%  title   = {},
%  school  = {},
%  year    = {},
%  % Optional fields:
%  type    = {},
%  address = {},
%  month   = {},
%  note    = {}
%}
%
%%%%% Use this type when nothing else fits.
%
%misc{
%  % Required fields: none.
%  % Optional fields:
%  author       = {},
%  title        = {},
%  howpublished = {},
%  month        = {},
%  year         = {},
%  note         = {}
%}
%
%%%%% A PhD thesis.
%
%phdthesis{
%  % Required fields:
%  author  = {},
%  title   = {},
%  school  = {},
%  year    = {},
%  % Optional fields:
%  type    = {},
%  address = {},
%  month   = {},
%  note    = {}
%}
%
%%%%% The proceedings of a conference.
%
%proceedings{
%  % Required fields:
%  title        = {},
%  year         = {},
%  % Optional fields:
%  editor       = {},
%  volume       = {}, % or number
%  number       = {},
%  series       = {},
%  address      = {},
%  month        = {},
%  organization = {},
%  publisher    = {},
%  note         = {},
%}
%
%%%%% A report published by a school or other institution, usually numbered within a series.
%
%techreport{
%  % Required fields:
%  author      = {},
%  title       = {},
%  institution = {},
%  year        = {},
%  % Optional fields:
%  type        = {},
%  number      = {},
%  address     = {},
%  month       = {},
%  note        = {}
%}
%
%%%%% A document having an author and title, but not formally published.
%
%unpublished{
%  % Required fields:
%  author = {},
%  title  = {},
%  note   = {},
%  % Optional fields:
%  month  = {},
%  year   = {}
%}

%%%%%%%%%%%%%%%%%%%%%%%%%%%%%%%%%%%%%%%%%%%%%%%%%%%%%%%%%%
% References
%%%%%%%%%%%%%%%%%%%%%%%%%%%%%%%%%%%%%%%%%%%%%%%%%%%%%%%%%%

@book{nocedal:opt,
  author    = {Jorge Nocedal and Stephen J. Wright},
  title     = {Numerical optimization},
  publisher = {Springer},
  year      = {2006},
  edition   = {$2^{nd}$},
  note      = {ISBN:978-0387303031}
}

@incollection{jameson:adjointns,
  author    = {Antony Jameson and Niles A. Pierce and Luigi Martinelli},
  title     = {Optimum Aerodynamic Design using the {Navier}--{S}tokes Equations},
  booktitle = {Theoretical and Computational Fluid Dynamics},
  publisher = {Springer-Verlag GmbH},
  year      = {1998},
  volume    = {10},
  pages     = {213--237},
  month     = jan
}

@article{marta:ijcfd,
   author  = {A. C. Marta and C. A. Mader and J. R. R. A. Martins and E. van der Weide and J. J. Alonso},
   title   = {A methodology for the development of discrete adjoint solvers using automatic differentiation tools},
   journal = {International {J}ournal of {C}omputational {F}luid {D}ynamics},
   year    = {2007},
   volume  = {99},
   number  = {9--10},
   pages   = {307--327},
   month   = oct,
   note    = {doi:10.1080/10618560701678647}
}

@article{marta:ijcfd1,
   author  = {A. C. Marta},
   title   = {A methodology for the development of discrete adjoint solvers using automatic differentiation tools},
   journal = {International {J}ournal of {C}omputational {F}luid {D}ynamics},
   year    = {2007},
   volume  = {1},
   number  = {9--10},
   pages   = {307--327},
   month   = oct,
   note    = {doi:10.1080/10618560701678647}
}

@article{marta:ijcfd2,
   author  = {A. C. Marta},
   title   = {A methodology for the development of discrete adjoint solvers using automatic differentiation tools},
   journal = {International {J}ournal of {C}omputational {F}luid {D}ynamics},
   year    = {2007},
   volume  = {2},
   number  = {9--10},
   pages   = {307--327},
   month   = oct,
   note    = {doi:10.1080/10618560701678647}
}

@article{marta:ijcfd3,
   author  = {A. C. Marta and C. A. Mader and J. R. R. A. Martins and E. van der Weide and J. J. Alonso},
   title   = {A methodology for the development of discrete adjoint solvers using automatic differentiation tools},
   journal = {International {J}ournal of {C}omputational {F}luid {D}ynamics},
   year    = {2007},
   volume  = {3},
   number  = {9--10},
   pages   = {307--327},
   month   = oct,
   note    = {doi:10.1080/10618560701678647}
}

@article{marta:ijcfd4,
   author  = {A. C. Marta},
   title   = {A methodology for the development of discrete adjoint solvers using automatic differentiation tools},
   journal = {International {J}ournal of {C}omputational {F}luid {D}ynamics},
   year    = {2007},
   volume  = {4},
   number  = {9--10},
   pages   = {307--327},
   month   = oct,
   note    = {doi:10.1080/10618560701678647}
}

@article{marta:ijcfd5,
   author  = {A. C. Marta},
   title   = {A methodology for the development of discrete adjoint solvers using automatic differentiation tools},
   journal = {International {J}ournal of {C}omputational {F}luid {D}ynamics},
   year    = {2007},
   volume  = {5},
   number  = {9--10},
   pages   = {307--327},
   month   = oct,
   note    = {doi:10.1080/10618560701678647}
}

@article{marta:ijcfd6,
   author  = {A. C. Marta},
   title   = {A methodology for the development of discrete adjoint solvers using automatic differentiation tools},
   journal = {International {J}ournal of {C}omputational {F}luid {D}ynamics},
   year    = {2007},
   volume  = {6},
   number  = {9--10},
   pages   = {307--327},
   month   = oct,
   note    = {doi:10.1080/10618560701678647}
}

@article{marta:ijcfd7,
   author  = {A. C. Marta},
   title   = {A methodology for the development of discrete adjoint solvers using automatic differentiation tools},
   journal = {International {J}ournal of {C}omputational {F}luid {D}ynamics},
   year    = {2007},
   volume  = {7},
   number  = {9--10},
   pages   = {307--327},
   month   = oct,
   note    = {doi:10.1080/10618560701678647}
}

@article{marta:ijcfd8,
   author  = {A. C. Marta},
   title   = {A methodology for the development of discrete adjoint solvers using automatic differentiation tools},
   journal = {International {J}ournal of {C}omputational {F}luid {D}ynamics},
   year    = {2007},
   volume  = {8},
   number  = {9--10},
   pages   = {307--327},
   month   = oct,
   note    = {doi:10.1080/10618560701678647}
}

@article{marta:ijcfd9,
   author  = {A. C. Marta},
   title   = {A methodology for the development of discrete adjoint solvers using automatic differentiation tools},
   journal = {International {J}ournal of {C}omputational {F}luid {D}ynamics},
   year    = {2007},
   volume  = {9},
   number  = {9--10},
   pages   = {307--327},
   month   = oct,
   note    = {doi:10.1080/10618560701678647}
}

@article{marta:ijcfd10,
   author  = {A. C. Marta},
   title   = {A methodology for the development of discrete adjoint solvers using automatic differentiation tools},
   journal = {International {J}ournal of {C}omputational {F}luid {D}ynamics},
   year    = {2007},
   volume  = {10},
   number  = {9--10},
   pages   = {307--327},
   month   = oct,
   note    = {doi:10.1080/10618560701678647}
}

@article{marta:ijcfd11,
   author  = {A. C. Marta},
   title   = {A methodology for the development of discrete adjoint solvers using automatic differentiation tools},
   journal = {International {J}ournal of {C}omputational {F}luid {D}ynamics},
   year    = {2007},
   volume  = {11},
   number  = {9--10},
   pages   = {307--327},
   month   = oct,
   note    = {doi:10.1080/10618560701678647}
}

@article{marta:ijcfd12,
   author  = {A. C. Marta},
   title   = {A methodology for the development of discrete adjoint solvers using automatic differentiation tools},
   journal = {International {J}ournal of {C}omputational {F}luid {D}ynamics},
   year    = {2007},
   volume  = {12},
   number  = {9--10},
   pages   = {307--327},
   month   = oct,
   note    = {doi:10.1080/10618560701678647}
}

@article{marta:ijcfd13,
   author  = {A. C. Marta},
   title   = {A methodology for the development of discrete adjoint solvers using automatic differentiation tools},
   journal = {International {J}ournal of {C}omputational {F}luid {D}ynamics},
   year    = {2007},
   volume  = {13},
   number  = {9--10},
   pages   = {307--327},
   month   = oct,
   note    = {doi:10.1080/10618560701678647}
}

@article{marta:ijcfd14,
   author  = {A. C. Marta},
   title   = {A methodology for the development of discrete adjoint solvers using automatic differentiation tools},
   journal = {International {J}ournal of {C}omputational {F}luid {D}ynamics},
   year    = {2007},
   volume  = {14},
   number  = {9--10},
   pages   = {307--327},
   month   = oct,
   note    = {doi:10.1080/10618560701678647}
}

@article{marta:ijcfd15,
   author  = {A. C. Marta},
   title   = {A methodology for the development of discrete adjoint solvers using automatic differentiation tools},
   journal = {International {J}ournal of {C}omputational {F}luid {D}ynamics},
   year    = {2007},
   volume  = {15},
   number  = {9--10},
   pages   = {307--327},
   month   = oct,
   note    = {doi:10.1080/10618560701678647}
}

@article{marta:ijcfd16,
   author  = {A. C. Marta},
   title   = {A methodology for the development of discrete adjoint solvers using automatic differentiation tools},
   journal = {International {J}ournal of {C}omputational {F}luid {D}ynamics},
   year    = {2007},
   volume  = {16},
   number  = {9--10},
   pages   = {307--327},
   month   = oct,
   note    = {doi:10.1080/10618560701678647}
}

@article{marta:ijcfd17,
   author  = {A. C. Marta},
   title   = {A methodology for the development of discrete adjoint solvers using automatic differentiation tools},
   journal = {International {J}ournal of {C}omputational {F}luid {D}ynamics},
   year    = {2007},
   volume  = {17},
   number  = {9--10},
   pages   = {307--327},
   month   = oct,
   note    = {doi:10.1080/10618560701678647}
}

@article{marta:ijcfd18,
   author  = {A. C. Marta},
   title   = {A methodology for the development of discrete adjoint solvers using automatic differentiation tools},
   journal = {International {J}ournal of {C}omputational {F}luid {D}ynamics},
   year    = {2007},
   volume  = {18},
   number  = {9--10},
   pages   = {307--327},
   month   = oct,
   note    = {doi:10.1080/10618560701678647}
}

@article{marta:ijcfd19,
   author  = {A. C. Marta},
   title   = {A methodology for the development of discrete adjoint solvers using automatic differentiation tools},
   journal = {International {J}ournal of {C}omputational {F}luid {D}ynamics},
   year    = {2007},
   volume  = {19},
   number  = {9--10},
   pages   = {307--327},
   month   = oct,
   note    = {doi:10.1080/10618560701678647}
}

@article{marta:ijcfd20,
   author  = {A. C. Marta},
   title   = {A methodology for the development of discrete adjoint solvers using automatic differentiation tools},
   journal = {International {J}ournal of {C}omputational {F}luid {D}ynamics},
   year    = {2007},
   volume  = {20},
   number  = {9--10},
   pages   = {307--327},
   month   = oct,
   note    = {doi:10.1080/10618560701678647}
}

@article{marta:ijcfd21,
   author  = {A. C. Marta},
   title   = {A methodology for the development of discrete adjoint solvers using automatic differentiation tools},
   journal = {International {J}ournal of {C}omputational {F}luid {D}ynamics},
   year    = {2007},
   volume  = {21},
   number  = {9--10},
   pages   = {307--327},
   month   = oct,
   note    = {doi:10.1080/10618560701678647}
}

@article{marta:ijcfd22,
   author  = {A. C. Marta},
   title   = {A methodology for the development of discrete adjoint solvers using automatic differentiation tools},
   journal = {International {J}ournal of {C}omputational {F}luid {D}ynamics},
   year    = {2007},
   volume  = {22},
   number  = {9--10},
   pages   = {307--327},
   month   = oct,
   note    = {doi:10.1080/10618560701678647}
}

@article{marta:ijcfd23,
   author  = {A. C. Marta},
   title   = {A methodology for the development of discrete adjoint solvers using automatic differentiation tools},
   journal = {International {J}ournal of {C}omputational {F}luid {D}ynamics},
   year    = {2007},
   volume  = {23},
   number  = {9--10},
   pages   = {307--327},
   month   = oct,
   note    = {doi:10.1080/10618560701678647}
}

@article{marta:ijcfd24,
   author  = {A. C. Marta},
   title   = {A methodology for the development of discrete adjoint solvers using automatic differentiation tools},
   journal = {International {J}ournal of {C}omputational {F}luid {D}ynamics},
   year    = {2007},
   volume  = {24},
   number  = {9--10},
   pages   = {307--327},
   month   = oct,
   note    = {doi:10.1080/10618560701678647}
}

@article{marta:ijcfd25,
   author  = {A. C. Marta},
   title   = {A methodology for the development of discrete adjoint solvers using automatic differentiation tools},
   journal = {International {J}ournal of {C}omputational {F}luid {D}ynamics},
   year    = {2007},
   volume  = {25},
   number  = {9--10},
   pages   = {307--327},
   month   = oct,
   note    = {doi:10.1080/10618560701678647}
}

@article{marta:ijcfd26,
   author  = {A. C. Marta},
   title   = {A methodology for the development of discrete adjoint solvers using automatic differentiation tools},
   journal = {International {J}ournal of {C}omputational {F}luid {D}ynamics},
   year    = {2007},
   volume  = {26},
   number  = {9--10},
   pages   = {307--327},
   month   = oct,
   note    = {doi:10.1080/10618560701678647}
}

@article{marta:ijcfd27,
   author  = {A. C. Marta},
   title   = {A methodology for the development of discrete adjoint solvers using automatic differentiation tools},
   journal = {International {J}ournal of {C}omputational {F}luid {D}ynamics},
   year    = {2007},
   volume  = {27},
   number  = {9--10},
   pages   = {307--327},
   month   = oct,
   note    = {doi:10.1080/10618560701678647}
}

@article{marta:ijcfd28,
   author  = {A. C. Marta2},
   title   = {A methodology for the development of discrete adjoint solvers using automatic differentiation tools},
   journal = {International {J}ournal of {C}omputational {F}luid {D}ynamics},
   year    = {2007},
   volume  = {28},
   number  = {9--10},
   pages   = {307--327},
   month   = oct,
   note    = {doi:10.1080/10618560701678647}
}

@article{marta:ijcfd29,
   author  = {A. C. Marta2},
   title   = {A methodology for the development of discrete adjoint solvers using automatic differentiation tools},
   journal = {International {J}ournal of {C}omputational {F}luid {D}ynamics},
   year    = {2007},
   volume  = {29},
   number  = {9--10},
   pages   = {307--327},
   month   = oct,
   note    = {doi:10.1080/10618560701678647}
}

@article{marta:ijcfd30,
   author  = {A. C. Marta2},
   title   = {A methodology for the development of discrete adjoint solvers using automatic differentiation tools},
   journal = {International {J}ournal of {C}omputational {F}luid {D}ynamics},
   year    = {2007},
   volume  = {30},
   number  = {9--10},
   pages   = {307--327},
   month   = oct,
   note    = {doi:10.1080/10618560701678647}
}


