@book{Hull,
    author    = "John Hull",
    title     = "Options, Futures, and Other Derivatives",
    year      = "2012",
    publisher = "Boston: Prentice Hall"
}

@book{Saltelli,
	author= "Andrea Saltelli and others",
	title="Global Sensitivity Analysis: The Primer", 
	year="2008",
	publisher="John Wiley"
}

@article{Longstaff,
  author="Francis Longstaff and Eduardo Schwartz",
  title="Valuing American Options by Simulation: a Simple Least-Squares Approach",
  journal="The review of financial studies",
  volume="14",
  number="1",
  pages="113--147",
  year="2001",
  publisher="Oxford University Press"
}

@article{Andersen,
  title="A Simple Approach to the Pricing of Bermudan Swaptions in the Multi-Factor LIBOR Market Model",
  author="Leif Andersen",
  year="1999"
}

@article{Sobol,
  title="On Sensitivity Estimation for Nonlinear Mathematical Models",
  author="Ilya Meerovich Sobol",
  journal="Matematicheskoe Modelirovanie",
  volume="2",
  number="1",
  pages="112--118",
  year="1990",
  publisher="Russian Academy of Sciences, Branch of Mathematical Sciences"
}

@book{Mikosch,
  title="Elementary Stochastic Calculus with Finance in View",
  author="Thomas Mikosch",
  series="Advanced Series on Statistical Science and Applied Probability",
  year="1998"
}


@book{Wei,
  title="Time Series Analysis: Univariate and Multivariate Methods",
  author="William W. S. Wei",
  year="2006",
  publisher="Pearson Addison Wesley"
}

@misc{BIS,
      author = {{Bank for International Settlements}},
      title = "Semiannual OTC Derivatives Statistics",
      month = "November",
      year = "2017",
      howpublished = "\url{http://stats.bis.org/statx/srs/table/d5.1}"
}

@article{Scholes,
  title={The Pricing of Options and Corporate Liabilities},
  author={Fischer Black and Myron Scholes},
  journal={Journal of political economy},
  volume={81},
  number={3},
  pages={637--654},
  year={1973},
  publisher={The University of Chicago Press}
}
