% BibTeX database for the MSc_Thesis.tex

%%%%%%%%%%%%%%%%%%%%%%%%%%%%%%%%%%%%%%%%%%%%%%%%%%%%%%%%%%
% TEMPLATES
%%%%%%%%%%%%%%%%%%%%%%%%%%%%%%%%%%%%%%%%%%%%%%%%%%%%%%%%%%

%%%%% An article from a journal or magazine.
%
%article{
%  % Required fields:
%  author  = {},
%  title   = {},
%  journal = {},
%  year    = {},
%  % Optional fields:
%  volume  = {},
%  number  = {},
%  pages   = {},
%  month   = {},
%  note    = {}
%}
%
%%%%% A book with an explicit publisher.
%
%book{
%  % Required fields:
%  author    = {}, % or editor
%  editor    = {},
%  title     = {},
%  publisher = {},
%  year      = {},
%  % Optional fields:
%  volume    = {},
%  number    = {},
%  series    = {},
%  address   = {},
%  edition   = {},
%  month     = {},
%  note      = {}
%}
%
%%%%% A work that is printed and bound, but without a named publisher or sponsoring institution.
%
%booklet{
%  % Required field:
%  title        = {},
%  % Optional fields:
%  author       = {},
%  howpublished = {},
%  address      = {},
%  month        = {},
%  year         = {},
%  note         = {}
%}
%
%%%%% The same as INPROCEEDINGS}, included for Scribe compatibility.
%
%conference{
%}
%
%%%%% A part of a book, which may be a chapter (or section or whatever) and/or a range of pages.
%
%inbook{
%  % Required fields:
%  author    = {}, % or editor
%  editor    = {},
%  title     = {},
%  chapter   = {}, % and/or pages
%  pages     = {},
%  publisher = {},
%  year      = {},
%  % Optional fields:
%  volume    = {}, % or number
%  number    = {},
%  series    = {},
%  type      = {},
%  address   = {},
%  edition   = {},
%  month     = {},
%  note      = {}
%}
%
%%%%% A part of a book having its own title.
%
%incollection{
%  % Required fields:
%  author    = {},
%  title     = {},
%  booktitle = {},
%  publisher = {},
%  year      = {},
%  % Optional fields:
%  editor    = {},
%  volume    = {}, % or number
%  number    = {},
%  series    = {},
%  type      = {},
%  chapter   = {},
%  pages     = {},
%  address   = {},
%  edition   = {},
%  month     = {},
%  note      = {}
%}
%
%%%%% An article in a conference proceedings.
%
%inproceedings{
%  % Required fields:
%  author       = {},
%  title        = {},
%  booktitle    = {},
%  year         = {},
%  % Optional fields:
%  editor       = {},
%  volume       = {}, % or number
%  number       = {},
%  series       = {},
%  pages        = {},
%  address      = {},
%  month        = {},
%  organization = {},
%  publisher    = {},
%  note         = {}
%}
%
%%%%% Technical documentation.
%
%manual{
%  % Required field:
%  title        = {},
%  % Optional fields:
%  author       = {},
%  organization = {},
%  address      = {},
%  edition      = {},
%  month        = {},
%  year         = {},
%  note         = {}
%}
%
%%%%% A Master's thesis.
%
%mastersthesis{
%  % Required fields:
%  author  = {},
%  title   = {},
%  school  = {},
%  year    = {},
%  % Optional fields:
%  type    = {},
%  address = {},
%  month   = {},
%  note    = {}
%}
%
%%%%% Use this type when nothing else fits.
%
%misc{
%  % Required fields: none.
%  % Optional fields:
%  author       = {},
%  title        = {},
%  howpublished = {},
%  month        = {},
%  year         = {},
%  note         = {}
%}
%
%%%%% A PhD thesis.
%
%phdthesis{
%  % Required fields:
%  author  = {},
%  title   = {},
%  school  = {},
%  year    = {},
%  % Optional fields:
%  type    = {},
%  address = {},
%  month   = {},
%  note    = {}
%}
%
%%%%% The proceedings of a conference.
%
%proceedings{
%  % Required fields:
%  title        = {},
%  year         = {},
%  % Optional fields:
%  editor       = {},
%  volume       = {}, % or number
%  number       = {},
%  series       = {},
%  address      = {},
%  month        = {},
%  organization = {},
%  publisher    = {},
%  note         = {},
%}
%
%%%%% A report published by a school or other institution, usually numbered within a series.
%
%techreport{
%  % Required fields:
%  author      = {},
%  title       = {},
%  institution = {},
%  year        = {},
%  % Optional fields:
%  type        = {},
%  number      = {},
%  address     = {},
%  month       = {},
%  note        = {}
%}
%
%%%%% A document having an author and title, but not formally published.
%
%unpublished{
%  % Required fields:
%  author = {},
%  title  = {},
%  note   = {},
%  % Optional fields:
%  month  = {},
%  year   = {}
%}
%%
%%%%%%%%%%%%%%%%%%%%%%%%%%%%%%%%%%%%%%%%%%%%%%%%%%%%%%%%%%%%
%% References
%%%%%%%%%%%%%%%%%%%%%%%%%%%%%%%%%%%%%%%%%%%%%%%%%%%%%%%%%%



%%%%%%%%% MY CITATIONS %%%%%%%%%%%%%%%%%

@book{Hull,
    author    = "John Hull",
    title     = "Options, Futures, and Other Derivatives",
    year      = "2012",
    publisher = "Boston: Prentice Hall"
}

@book{Saltelli,
	author= "Andrea Saltelli and others",
	title="Global Sensitivity Analysis: The Primer", 
	year="2008",
	publisher="John Wiley"
}

@article{Longstaff,
  author="Francis Longstaff and Eduardo Schwartz",
  title="Valuing American Options by Simulation: a Simple Least-Squares Approach",
  journal="The review of financial studies",
  volume="14",
  number="1",
  pages="113--147",
  year="2001",
  publisher="Oxford University Press"
}

@article{Andersen,
  title="A Simple Approach to the Pricing of Bermudan Swaptions in the Multi-Factor LIBOR Market Model",
  author="Leif Andersen",
  year="1999"
}

@article{Sobol,
  title="On Sensitivity Estimation for Nonlinear Mathematical Models",
  author="Ilya Meerovich Sobol",
  journal="Matematicheskoe Modelirovanie",
  volume="2",
  number="1",
  pages="112--118",
  year="1990",
  publisher="Russian Academy of Sciences, Branch of Mathematical Sciences"
}

@book{Mikosch,
  title="Elementary Stochastic Calculus with Finance in View",
  author="Thomas Mikosch",
  series="Advanced Series on Statistical Science and Applied Probability",
  year="1998"
}


@book{Wei,
  title="Time Series Analysis: Univariate and Multivariate Methods",
  author="William W. S. Wei",
  year="2006",
  publisher="Pearson Addison Wesley"
}

@misc{BIS,
      author = {{Bank for International Settlements}},
      title = "Semiannual OTC Derivatives Statistics",
      month = "November",
      year = "2017",
      howpublished = "\url{http://stats.bis.org/statx/srs/table/d5.1}"
}

@misc{Guardian,
      author = {{The Guardian}},
      title = "The mathematical equation that caused the banks to crash",
      month = "February",
      year = "2012",
      howpublished = "\url{https://www.theguardian.com/science/2012/feb/12/black-scholes-equation-credit-crunch}"
}

@article{Scholes,
  title={The Pricing of Options and Corporate Liabilities},
  author={Fischer Black and Myron Scholes},
  journal={Journal of political economy},
  volume={81},
  number={3},
  pages={637--654},
  year={1973},
  publisher={The University of Chicago Press}
}

@article{Saltelli2,
title = "Variance based sensitivity analysis of model output. Design and estimator for the total sensitivity index",
journal = "Computer Physics Communications",
volume = "181",
number = "2",
pages = "259 - 270",
year = "2010",
issn = "0010-4655",
doi = "https://doi.org/10.1016/j.cpc.2009.09.018",
url = "http://www.sciencedirect.com/science/article/pii/S0010465509003087",
author = "Andrea Saltelli and others"
}

@misc{FT,
      author = {{Financial Times}},
      title = "OTC derivatives shrink to lowest level since financial crisis",
      month = "May",
      year = "2016",
      howpublished = "\url{https://www.ft.com/content/dbc08ae2-1247-11e6-91da-096d89bd2173}"
}

@article{Dilao,
  author="Rui Dilão and João Amaro de Matos and Bruno Ferreira",
  title="On the value of European options on a stock paying a discrete dividend",
  journal="Journal of Modelling in Management",
  volume="4",
  number="3",
  pages="235--248",
  year="2009"
}

@book{Wilmott1,
  title="The Mathematics of Financial Derivatives: A Student Introduction",
  author="Paul Wilmott and Sam Howison and Jeff Dewynne",
  year="1995",
  publisher="Cambridge University Press"
}


@book{Wilmott2,
  title="Option Pricing: Mathematical Models and Computation",
  author="Paul Wilmott and Sam Howison and Jeff Dewynne",
  year="1993",
  publisher="Oxford Financial Press"
}

@book{OptionsBoom,
  title={An Engine, Not a Camera: How Financial Models Shape Markets},
  author={Donald A. MacKenzie},
  isbn={9780262134606},
  lccn={2005052115},
  series={Inside technology},
  url={https://books.google.pt/books?id=LHKxAAAAIAAJ},
  year={2006},
  publisher={MIT Press}
}


@book{Wilmott,
  title={Paul Wilmott Introduces Quantitative Finance},
  author="Paul Wilmott",
  series={The Wiley Finance Series},
  year={2013},
  publisher={Wiley}
}

@book{Wilmott3,
  title={Paul Wilmott on Quantitative Finance},
  author={Paul Wilmott},
  series={The Wiley Finance Series},
  year={2006},
  publisher={Wiley}
}


@article{Dupire,
    author = "Bruno Dupire",
    title = "Pricing with a Smile",
    journal = "Risk Magazine",
    year = "1994",
    pages = "18--20"
}

@article{Heston,
author = "Steven Heston",
year = "1993",
month = "02",
pages = "327-43",
title = "A Closed-Form Solution for Options With Stochastic Volatility With Applications to Bond and Currency Options",
volume = "6",
booktitle = "Review of Financial Studies"
}

@article{Cui,
   author = "Yiran Cui and others",
title = "Full and fast calibration of the Heston stochastic volatility model",
journal = "European Journal of Operational Research",
volume = "263",
number = "2",
pages = "625 - 638",
year = "2017"
}

@article{Hagan,
author = {Patrick Hagan and others},
year = {2002},
month = {01},
pages = {84-108},
title = {Managing Smile Risk},
volume = {1},
booktitle = {Wilmott Magazine}
}


@article{HJM,
 author = {David Heath and Robert Jarrow and Andrew Morton},
 journal = {Econometrica},
 number = {1},
 pages = {77--105},
 publisher = {[Wiley, Econometric Society]},
 title = {Bond Pricing and the Term Structure of Interest Rates: A New Methodology for Contingent Claims Valuation},
 volume = {60},
 year = {1992}
}

@article{Obloj,
title={Fine-tune your smile: Correction to Hagan et al},
author={Jan Obloj},
year={2008},
month={Mar}
}

@article{Fernandez,
title = "Static and dynamic SABR stochastic volatility models: Calibration and option pricing using GPUs",
journal = "Mathematics and Computers in Simulation",
volume = "94",
pages = "55 - 75",
year = "2013",
author = "J.L. Fernández and others"
}

@article{Osajima,
title = "The Asymptotic Expansion Formula of Implied Volatility for Dynamic SABR Model and FX Hybrid Model",
year = "2007",
author = "Yasufumi Osajima"
}